
@article{markowitz1952,
    author = {Markowitz, Harry},
    title = {Portfolio Selection},
    journal = {The Journal of Finance},
    year = {1952},
    volume = {7},
    number = {1},
    pages = {77-91}
}

@book{campbell1997,
    author = {Campbell, John Y. and Lo, Andrew W. and MacKinlay, A. Craig},
    title = {The Econometrics of Financial Markets},
    publisher = {Princeton University Press},
    year = {1997}
}

@article{fama1992,
    author = {Fama, Eugene F. and French, Kenneth R.},
    title = {The Cross-Section of Expected Stock Returns},
    journal = {The Journal of Finance},
    year = {1992},
    volume = {47},
    number = {2},
    pages = {427-465}
}

@inproceedings{gu2020,
    author = {Gu, Shihao and Xiong, Bryan and Zhang, Hongyang and Zhu, Zhening},
    title = {A Machine Learning Approach to Portfolio Optimization},
    booktitle = {Proceedings of the 2020 Conference on Neural Information Processing Systems (NeurIPS)},
    year = {2020}
}

@article{tsay2005,
    author = {Tsay, Ruey S.},
    title = {Analysis of Financial Time Series},
    journal = {Wiley Series in Probability and Statistics},
    year = {2005}
}

@book{james2013,
    author = {James, Gareth and Witten, Daniela and Hastie, Trevor and Tibshirani, Robert},
    title = {An Introduction to Statistical Learning: with Applications in R},
    publisher = {Springer},
    year = {2013}
}


@article{sharpe1964,
    author = {Sharpe, William F.},
    title = {Capital asset prices: A theory of market equilibrium under conditions of risk},
    journal = {The Journal of Finance},
    year = {1964},
    volume = {19},
    number = {3},
    pages = {425-442}
}

@book{bodie2005,
    author = {Bodie, Zvi and Kane, Alex and Marcus, Alan J.},
    title = {Investments},
    publisher = {McGraw-Hill/Irwin},
    year = {2005}
}

@inproceedings{bengio2003,
    author = {Bengio, Yoshua and Simard, Patrice and Frasconi, Paolo},
    title = {Learning long-term dependencies with gradient descent is difficult},
    booktitle = {IEEE Transactions on Neural Networks},
    year = {1994},
    volume = {5},
    number = {2},
    pages = {157-166}
}

@article{hastie2009,
    author = {Hastie, Trevor and Tibshirani, Robert and Friedman, Jerome},
    title = {The Elements of Statistical Learning: Data Mining, Inference, and Prediction},
    journal = {Springer Series in Statistics},
    year = {2009}
}

@inproceedings{bailey2019,
    author = {Bailey, David H. and Borwein, Jonathan M. and LÃ³pez de Prado, Marcos and Zhu, Qiji J.},
    title = {Pseudo-Mathematics and Financial Charlatanism: The Effects of Backtest Overfitting on Out-of-Sample Performance},
    booktitle = {Notices of the AMS},
    year = {2014},
    volume = {61},
    number = {5},
    pages = {458-471}
}

@inproceedings{moody2001,
    author = {Moody, John and Wu, Lizhen and Liao, Yuansong and Saffell, Matthew},
    title = {Performance functions and reinforcement learning for trading systems and portfolios},
    booktitle = {Journal of Forecasting},
    year = {1998},
    volume = {17},
    number = {5-6},
    pages = {441-470}
}
